<?xml version="1.0" encoding="UTF-8"?><collection xmlns="http://www.loc.gov/MARC21/slim"><record><leader>00409nam--2200133-i-4500</leader><controlfield tag="001">000037724</controlfield><controlfield tag="002">20161230</controlfield><controlfield tag="005">20170122111010</controlfield><controlfield tag="008">060222s1000------------r-----000-0-eng-d</controlfield><datafield ind1=" " ind2=" " tag="245"><subfield code="a">La protection des travailleurs contre les radiations</subfield></datafield><datafield ind1=" " ind2=" " tag="260"><subfield code="a">Geneve</subfield><subfield code="b">Bureau Int.Du Travaill</subfield><subfield code="c">1958-59</subfield></datafield><datafield ind1=" " ind2=" " tag="490"><subfield code="a">Conf.Int.Du Travail.Quarante Troisieme Session. Rapport VI</subfield></datafield><datafield ind1=" " ind2=" " tag="852"><subfield code="a">16647</subfield></datafield><datafield ind1=" " ind2=" " tag="CAT"><subfield code="a">SYS</subfield><subfield code="c">20170122</subfield><subfield code="h">111010</subfield></datafield></record></collection>